@misc{bugden2022rust,
      title={Rust: The Programming Language for Safety and Performance}, 
      author={William Bugden and Ayman Alahmar},
      year={2022},
      eprint={2206.05503},
      archivePrefix={arXiv},
      primaryClass={cs.PL}
}