@article{op1,
  title={Gradient Descent Provably Optimizes Over-Parameterized Neural Networks},
  author={Simon S. Du* and Jason D. Lee* and Haochuan Li* and Liwei Wang* and Xiyu Zhai*},
}
@article{op2,
  title={Gradient Descent Finds Global Minima of Deep Neural Networks},
  author={Simon S. Du* and Xiyu Zhai* and Barnabas Poczos and Aarti Singh},
}