
@article{haha,
title="Haha",
author={Haha}}